2247 3260
304 131 409 195 396
463 121 1063 184 PHARMACOP.
1112 101 1331 174 Mais,
1385 102 1662 177 cmm
1729 104 2029 174 L1'13,111,

1260 203 1378 249 mm
1412 199 1624 263 peragitur
1651 234 1666 255 ,
1694 216 1873 265 eamque
1900 198 1969 250 vel
2002 197 2167 267 simpli-

1268 283 1360 315 cern
1382 299 1396 320 ‚
1416 261 1484 312 vel
1495 265 1726 314 tabulatam
1744 285 1755 314 ε
1775 270 1951 315 vitream
1967 300 1982 321 ,
2000 267 2070 316 vel
2086 281 2170 316 tet·-

1269 349 1398 385 ream,
1410 331 1544 393 idque
1554 335 1653 398 igne
1681 348 1774 381 tum
1791 349 1923 380 arenae
1941 365 1954 386 ,
1979 346 2073 380 tum
2086 350 2169 380 nu-

368 404 697 467 Praeparationes
732 399 892 466 quibus
926 398 1037 448 Salia
1071 393 1207 444 subii·
1270 401 1360 449 do,
1383 412 1461 464 pro
1475 395 1747 446 fixitatezscilu
1779 403 1936 446 maiore
1948 397 2170 447 velinino-

308 473 481 517 ciuntur
497 502 513 523 ‚
536 464 697 517 sunta.
718 466 1027 515 Purificatio.2.
1059 461 1208 511 Calci-
1273 481 1316 511 re
1332 464 1515 527 liquoris
1532 463 1734 512 eliciendi
1754 464 1966 512 adhibito.
2089 526 2092 529 ι

307 538 439 582 natio.
470 554 507 596 3.
529 533 837 593 Destillati0.4.'
858 531 1137 582 Sublimatio.
1163 546 1180 591 5
1198 562 1208 574 .
1327 535 1412 576 Per
1431 535 1536 583 mm
1553 529 1789 577 tabulatam
1803 530 2018 591 destillatio
2038 528 2109 576 hoc

506 277 1021 323 PRAEPARATIONES.

312 602 761 667 Pixatio,6.Liquatio.

427 739 465 780 1.
533 732 914 780 PVRIFICA
938 726 1089 776 TIO.

367 859 500 918 Salia',
517 866 618 928 quia
644 861 882 928 plerunque
898 857 1212 922 heterogeneis,

311 924 474 974 scatent
494 964 509 983 ,
542 933 775 992 minusque
811 923 982 988 syncera
1015 923 1214 970 existunt,

310 994 514 1057 ,deputari
552 1010 662 1058 opus
689 993 865 1039 habent.
904 989 1213 1054 Depurationis

316 1058 448 1104 huius
491 1061 646 1105 modus
687 1061 780 1122 pro]
812 1059 1011 1104 varietate
1063 1050 1215 1100 salium

314 1126 455 1169 vatius
513 1139 692 1188 quoque
725 1123 923 1182 institui&
938 1119 1092 1185 potest.
1132 1120 1218 1172 Po-

317 1185 473 1234 tiffima
492 1205 633 1236 tamen
672 1191 780 1234 ratio
801 1183 954 1233 salium
984 1183 1216 1249 purifican-

318 1255 473 1300 dorum
505 1251 696 1302 consistit
731 1257 778 1298 in
796 1249 1010 1299 solutione
1038 1283 1052 1304 ‚
1085 1247 1217 1296 soluti

318 1318 552 1367 filtratione
592 1353 606 1371 ‚
637 1318 785 1366 filtrati
815 1317 1088 1365 exhalatione
1111 1315 1217 1364 ‚ad-

312 1384 459 1448 eoque
493 1383 588 1432 salis
624 1385 901 1432 concretione
928 1380 996 1431 vel
1018 1379 1222 1445 crystalli-

320 1447 499 1498 satione.

381 1516 621 1565 Soluuntur
665 1514 777 1563 Salia
799 1531 890 1561 non
905 1511 984 1560 nisi
997 1516 1044 1560 in
1067 1509 1216 1574 liquo-

309 1600 353 1629 re
370 1599 510 1647 aqueo
527 1617 539 1633 ,
563 1588 587 1642 ζ
608 1599 699 1629 non
711 1578 942 1645 sulphureo
954 1596 1027 1626 aut
1047 1578 1218 1642 pingui,

312 1656 359 1697 &
381 1653 507 1713 proin
528 1652 666 1695 necin
687 1642 756 1759 y
780 1644 1055 1694 redtificatiss.
1089 1642 1104 1697 )
1141 1644 1218 1688 Li·

315 1730 425 1778 quor
447 1715 518 1760 hic
540 1747 554 1767 ,
577 1712 656 1760 nisi
710 1712 883 1777 pecialis
907 1708 1119 1760 accerseri:
1141 1709 1217 1753 ad-

1546 597 1660 641 modo
1670 601 1899 660 peragitur.

1341 661 1410 707 Ad
1435 676 1585 707 manus
1608 661 1762 709 habere
1793 664 1914 710 decet
1946 665 2060 726 mm
2091 674 2174 708 ter-

1278 742 1390 772 ream
1404 724 1584 773 formam
1607 760 1622 781 ,
1651 745 1748 792 qnae
1768 731 1814 774 in
1833 725 2043 793 superiore
2069 744 2174 773 ven-

1279 794 1354 840 tris
1370 788 1435 840 sui
1451 793 1679 840 medietate
1703 792 1903 842 tubulum
1929 795 2081 842 habeat
2107 790 2175 839 fo·-

1278 860 1440 904 tamine
1479 861 1673 923 peruium
1696 893 1710 909 ‚
1730 876 1820 923 quo
1832 864 2006 907 materia
2018 873 2090 925 per
2109 859 2174 902 vi-

1280 927 1483 971 cesiniici
1507 958 1518 974 ‚
1554 926 1762 988 quodque
1778 926 1872 990 post
1894 929 2093 974 iniectam
2107 936 2174 969 ma

1278 992 1427 1036 teriam
1452 991 1640 1036 obturari
1673 991 1845 1038 firmiter
1884 989 2025 1053 possit.
2063 996 2176 1041 mm

1278 1054 1390 1101 lianc
1405 1062 1421 1115 (
1439 1053 1470 1100 si
1490 1055 1610 1102 lubet
1634 1055 1878 1109 loricatam)
1899 1056 2001 1104 luto·
2017 1060 2062 1103 in
2088 1055 2176 1103 for-—

1280 1136 1384 1166 nace
1411 1119 1682 1167 destillatoria
1697 1121 1876 1167 obfirma
1896 1156 1911 1175 ‚
1938 1137 1987 1170 vt
1999 1122 2175 1171 tubulus

1278 1189 1489 1239 emineat,
1514 1182 1703 1233 fui-ciariis
1730 1204 1872 1233 tamen
1899 1205 1986 1234 vno
2000 1187 2176 1240 aclalte—

1280 1267 1330 1296 ro
1358 1250 1530 1296 relictis.
1574 1255 1691 1298 Hinc
1709 1253 1843 1298 rostro
1865 1269 2034 1316 appone
2061 1268 2175 1302 rece.

1286 1315 1507 1379 praculum
1534 1315 1850 1380 capaciffimum
1878 1351 1889 1368 ‚
1920 1322 1944 1377 (
1967 1320 2165 1381 quiasl..

1279 1396 1379 1427 cum
1433 1384 1600 1444 impetu
1653 1386 1858 1429 irruentes
1888 1383 2078 1447 amplum
2114 1398 2177 1428 re-

1282 1450 1462 1510 quirunt
1479 1445 1661 1510 spatium
1683 1482 1699 1502 ‚
1725 1448 1739 1503 )
1778 1451 1985 1495 iuncturis
2003 1447 2176 1495 firmiter

1280 1511 1375 1559 luto
1394 1511 1586 1560 firmatis.
1622 1516 1737 1560 Luto
1764 1514 1884 1561 lento
1900 1518 2092 1561 exiccato
2109 1529 2180 1560 ac·
2197 1554 2207 1569 .-

1279 1581 1415 1625 cende
1436 1582 1576 1645 primo
1592 1578 1759 1626 lentum
1771 1583 1933 1643 ignem,
1962 1580 2066 1626 hinc
2090 1578 2177 1626 for-

1280 1647 1459 1699 tiorem,
1481 1661 1528 1692 vt
1542 1644 1615 1706 ΟΧ
1631 1645 1912 1693 incandescat.
1939 1647 2055 1692 Tum
2074 1647 2178 1691 inii-

1280 1726 1328 1755 ce
1364 1717 1583 1758 materiam
1620 1710 1825 1774 paulatim
1859 1728 1932 1775 per
1960 1712 2178 1765 tribulum,

316 1782 507 1839 monitio
553 1812 566 1831 ‚
623 1779 850 1826 adhibetur
909 1778 1135 1841 vulgariter
1170 1787 1214 1825 V
1274 1772 1552 1842 foramenque
1578 1776 1646 1824 vel
1676 1775 2072 1830 lut0‚·velbacillo
2092 1777 2179 1823 stu·-

314 1844 521 1896 fontana,
543 1847 590 1890 in
608 1862 693 1908 qua
713 1842 1005 1908 salquodlibet
1031 1841 1214 1887 maxime

312 1908 346 1956 si
367 1909 554 1976 tepefiat,
577 1907 846 1966 diffoluitur3
870 1906 1120 1955 dissolutum
1145 1924 1216 1971 per

312 1977 502 2023 chartam
519 1978 724 2023 traiicitur
754 2009 766 2025 ‚
795 1990 843 2022 vt
863 1973 1085 2020 fecibusin
1096 1973 1219 2020 char-

315 2058 358 2089 ta
396 2042 556 2089 relietis
583 2038 806 2105 syncerum
843 2037 1023 2087 transeat
1055 2059 1068 2096 3
1114 2043 1214 2087 Hoc

313 2108 592 2172 postmodum
636 2108 893 2162 humiditate
915 2141 929 2160 ,
955 2108 1009 2153 ad
1051 2103 1218 2153 siccita-

315 2173 547 2236 temvsque
566 2174 788 2223 abstracta,
808 2169 1093 2220 condensatur
1113 2204 1129 2225 ‚
1151 2171 1221 2218 vel

317 2236 348 2286 s.
381 2255 418 2284 a.
450 2254 548 2284 cum
582 2236 782 2300 aliquota
811 2236 994 2300 liquoris
1026 2239 1225 2300 portione

316 2301 626 2367 crystallisatur.

427 2374 505 2416 II.
571 2370 1126 2416 CALCINATIO.

395 2433 675 2481 Calcinantnr
714 2433 824 2482 Salia
848 2451 921 2498 per
946 2436 1224 2498 ignitionem‚

325 2500 458 2563 idque
479 2499 548 2547 vel
569 2496 670 2550 sine,
684 2500 753 2547 vel
765 2517 863 2547 eum
880 2497 1044 2547 fusione
1067 2517 1078 2545 :
1104 2501 1229 2545 &in-

326 2566 495 2610 terdum
548 2567 775 2613 accedente
828 2562 1009 2612 subinde
1057 2567 1231 2610 materia

326 2628 467 2742 {emili
489 2664 505 2686 ,
531 2631 757 2694 dequibus
783 2629 1001 2696 speciatim
1019 2633 1064 2676 in
1084 2629 1230 2695 singu-

348 2712 398 2743 is.

392 2765 509 2808 Ill.
573 2768 675 2811 DE
697 2762 1157 2812 STILLATIO.

392 2893 557 2943 Salium
589 2892 817 2942 destillatio
841 2927 855 2949 ‚
884 2898 986 2958 quia
1005 2911 1052 2942 vt
1082 2893 1219 2960 pluri-

321 2975 442 3009 mum
478 2966 608 3018 stu
638 2961 787 3025 fixiori
795 2962 970 3026 grauida
994 2957 1125 3016 sunt,
1145 2975 1220 3026 per

1283 1840 1369 1903 pha
1397 1842 1577 1891 humida
1607 1845 1857 1890 circumdato
1883 1843 2036 1889 obtura
2056 1879 2068 1895 ,
2095 1844 2177 1888 do-

1282 1923 1361 1953 nec
1414 1908 1510 1958 „ssa
1561 1906 1626 1956 illi
1677 1907 1903 1973 impetuosi
1966 1907 2179 1975 coagulati

1284 1972 1462 2036 [aquae
1513 1980 1560 2021 in
1602 1975 1870 2039 receptaculo
1916 1976 2102 2020 immixti
2154 1973 2176 2034 ]

1286 2036 1371 2084 sint
1408 2071 1423 2091 ,
1485 2039 1899 2106 'receptaculumque
1965 2037 2174 2088 clarescat.

1284 2108 1406 2216 gline
1438 2104 1594 2154 iterum
1631 2109 1763 2153 iniice
1797 2142 1812 2161 ‚
1854 2107 2092 2170 obrutaque
2131 2120 2176 2153 vt

1315 2171 1464 2216 ictum.

1353 2298 1460 2347 Vide
1487 2301 1537 2347 de
1555 2300 1810 2367 hzkfiguram
1835 2305 2075 2369 appofitttm.

1342 2955 1716 3013 N.i.Commodum
1732 2956 1810 3003 erit
1820 2953 2048 3016 aliquotam
2066 2961 2172 3009 aqua

2015 3028 2170 3081 partem
